<record><leader>00000cas a2200000 a 4500</leader><controlfield tag="001">28744559</controlfield><controlfield tag="008">930903d194919uucaucr ne      0    0eng c</controlfield><datafield ind1=" " ind2=" " tag="010"><subfield code="a">sn 93053400 </subfield></datafield><datafield ind1=" " ind2=" " tag="040"><subfield code="a">CNK</subfield><subfield code="b">eng</subfield><subfield code="c">CNK</subfield><subfield code="d">OCLCQ</subfield><subfield code="d">CNK</subfield><subfield code="d">OCLCO</subfield><subfield code="d">OCLCQ</subfield><subfield code="d">OCLCF</subfield></datafield><datafield ind1="1" ind2=" " tag="029"><subfield code="a">AU@</subfield><subfield code="b">000025907042</subfield></datafield><datafield ind1=" " ind2=" " tag="042"><subfield code="a">pcc</subfield></datafield><datafield ind1=" " ind2=" " tag="043"><subfield code="a">n-us-ca</subfield></datafield><datafield ind1="0" ind2=" " tag="130"><subfield code="a">Record of Yolo County (Woodland, Calif. : 1949)</subfield></datafield><datafield ind1="1" ind2="4" tag="245"><subfield code="a">The record of Yolo County.</subfield></datafield><datafield ind1=" " ind2=" " tag="260"><subfield code="a">Woodland, Calif. :</subfield><subfield code="b">Douglas Tibbitts</subfield></datafield><datafield ind1=" " ind2=" " tag="300"><subfield code="a">v.</subfield></datafield><datafield ind1=" " ind2=" " tag="310"><subfield code="a">Semiweekly,</subfield><subfield code="b">Oct. 2, 1951-</subfield></datafield><datafield ind1=" " ind2=" " tag="321"><subfield code="a">Weekly,</subfield><subfield code="b">Sept. 9, 1949-Sept. 28, 1951</subfield></datafield><datafield ind1="0" ind2=" " tag="362"><subfield code="a">Vol. 12, no. 13 (Sept. 9, 1949)-</subfield></datafield><datafield ind1=" " ind2=" " tag="530"><subfield code="a">Master negatives are available for duplication from:</subfield><subfield code="b">California Newspaper Microfilm Archive;</subfield><subfield code="c">for further information consult the CNMA at:</subfield><subfield code="u">http://cbsr.ucr.edu.</subfield></datafield><datafield ind1=" " ind2="0" tag="651"><subfield code="a">Yolo County (Calif.)</subfield><subfield code="v">Newspapers.</subfield></datafield><datafield ind1=" " ind2="7" tag="655"><subfield code="a">Newspapers.</subfield><subfield code="2">fast</subfield><subfield code="0">(OCoLC)fst01423814</subfield></datafield><datafield ind1=" " ind2="7" tag="651"><subfield code="a">California</subfield><subfield code="z">Yolo County.</subfield><subfield code="2">fast</subfield><subfield code="0">(OCoLC)fst01214190</subfield></datafield><datafield ind1=" " ind2=" " tag="752"><subfield code="a">United States</subfield><subfield code="b">California</subfield><subfield code="c">Yolo</subfield><subfield code="d">Woodland.</subfield></datafield><datafield ind1="0" ind2=" " tag="775"><subfield code="t">Record of Yolo County (Woodland, Calif. : East Yolo ed.)</subfield><subfield code="w">(DLC)sn 93053394</subfield></datafield><datafield ind1="0" ind2=" " tag="775"><subfield code="t">Record of Yolo County and the independent</subfield><subfield code="w">(DLC)sn 93053396</subfield></datafield><datafield ind1="0" ind2=" " tag="775"><subfield code="t">East Yolo record and the independent</subfield><subfield code="w">(DLC)sn 93053397</subfield></datafield><datafield ind1="0" ind2="0" tag="780"><subfield code="t">Woodland record</subfield><subfield code="w">(DLC)sn 93053399</subfield></datafield></record>